@misc{fornahl1,
  title = {Gerd-Fornahl-Gedenkturnier},
  howpublished = {\url{https://ilmenauer-schachverein.de/turniere/gerd-fornahl-gedenkturnier}},
  note = {Zugriff: 15. April 2024}
}

@misc{fornahl2,
  title = {4. Gerd-Fornahl-Gedenkturnier},
  howpublished = {\url{https://ilmenauer-schachverein.de/turniere/gerd-fornahl-gedenkturnier/4-gerd-fornahl-gedenkturnier}},
  note = {Zugriff: 15. April 2024}
}
